!ACCNT	NAME	ACCNTTYPE
ACCNT	_Operation - Supplimental:SCBC Redevelopment Project	INC
!TRNS	TRANSTYPE	ACCNT	MEMO	DATE	AMOUNT	DOCNUM	TRNSID	CLASS	NAME
!SPL	TRANSTYPE	ACCNT	MEMO	DATE	AMOUNT	DOCNUM	SPLID	CLASS	NAME
!ENDTRNS
TRNS	DEPOSIT	_UNDEPOSITED INTAKE - Regular	Batch# 02252016wwjr	02/25/2016	20000	CH2015			CH2015 Contribution Import
SPL	DEPOSIT	_Operation - Supplimental:SCBC Redevelopment Project	Batch# 02252016wwjr	02/25/2016	-20000	CH2015		SCBC Redevelopment Project	CH2015 Contribution Import
ENDTRNS				02/25/2016	0
